%%%%%%%%%%%%%%%%%%%%%%%%%%%%%%%%%%%%%%%%%%%%%%%%%%%%%%%%%%%%%%%%%%%%%%%%%%%%%%%%%%%%%%%%%%%%%%%%%%%%
%% 2019
%%%%%%%%%%%%%%%%%%%%%%%%%%%%%%%%%%%%%%%%%%%%%%%%%%%%%%%%%%%%%%%%%%%%%%%%%%%%%%%%%%%%%%%%%%%%%%%%%%%%

@inproceedings{Sun_2019a,
  author    = {Siqi Sun and
               Yu Cheng and
               Zhe Gan and
               Jingjing Liu},
  title     = {Patient Knowledge Distillation for {BERT} Model Compression},
  booktitle = {EMNLP/IJCNLP},
  pages     = {4322--4331},
  publisher = {Association for Computational Linguistics},
  year      = {2019},
}

@article{Liu_2019,
  author    = {Yinhan Liu and
               Myle Ott and
               Naman Goyal and
               Jingfei Du and
               Mandar Joshi and
               Danqi Chen and
               Omer Levy and
               Mike Lewis and
               Luke Zettlemoyer and
               Veselin Stoyanov},
  title     = {{RoBERTa}: {A} Robustly Optimized {BERT} Pretraining Approach},
  journal   = {arXiv},
  volume    = {abs/1907.11692},
  year      = {2019},
}

@article{Lan_2019,
  author    = {Zhenzhong Lan and
               Mingda Chen and
               Sebastian Goodman and
               Kevin Gimpel and
               Piyush Sharma and
               Radu Soricut},
  title     = {{ALBERT:} {A} Lite {BERT} for Self-supervised Learning of Language
               Representations},
  journal   = {arXiv},
  volume    = {abs/1909.11942},
  year      = {2019},
}

@inproceedings{Clark_2019,
  title={What Does {BERT} Look at? An Analysis of {BERT}'s Attention},
  author={Clark, Kevin and Khandelwal, Urvashi and Levy, Omer and Manning, Christopher D},
  booktitle={ACL Workshop BlackboxNLP: Analyzing and Interpreting Neural Networks for NLP},
  pages={276--286},
  year={2019}
}

@inproceedings{Loshchilov_2019,
  title={Decoupled Weight Decay Regularization},
  author={Ilya Loshchilov and Frank Hutter},
  booktitle={ICLR},
  year={2019}
}

@inproceedings{Sun_2019,
  author    = {Chen Sun and
               Austin Myers and
               Carl Vondrick and
               Kevin Murphy and
               Cordelia Schmid},
  title     = {{VideoBERT}: A Joint Model for Video and Language Representation Learning},
  booktitle = {IEEE International Conference on Computer Vision ({ICCV})},
  pages     = {7463--7472},
  publisher = {{IEEE}},
  year      = {2019},
}


@article{Adhikari_2019,
    title={{DocBERT}: {BERT} for Document Classification},
    author={Ashutosh Adhikari and Achyudh Ram and Raphael Tang and Jimmy Lin},
    year={2019},
    journal={{arXiv}},
    volume={abs/1904.08398},
}

@article{Lee_2019,
   title={{BioBERT}: a pre-trained biomedical language representation model for biomedical text mining},
   journal={Bioinformatics},
   year={2019},
   
   ISSN={1460-2059},
   url={http://dx.doi.org/10.1093/bioinformatics/btz682},
   DOI={10.1093/bioinformatics/btz682},
   publisher={Oxford University Press},
   author={Lee, Jinhyuk and Yoon, Wonjin and Kim, Sungdong and Kim, Donghyeon and Kim, Sunkyu and So, Chan Ho and Kang, Jaewoo},
   editor={Wren, JonathanEditor},
   month={Sep}
}

@article{Wolf_2019,
  title={{HuggingFace's Transformers}: State-of-the-art Natural Language Processing},
  author={Thomas Wolf and Lysandre Debut and Victor Sanh and Julien Chaumond and Clement Delangue and Anthony Moi and Pierric Cistac and Tim Rault and R'emi Louf and Morgan Funtowicz and Jamie Brew},
  journal={ArXiv},
  year={2019},
  volume={abs/1910.03771}
}

@inproceedings{Tenney_2019a,
  title={What do you learn from context? Probing for sentence structure in contextualized word representations},
  author={Tenney, Ian and Xia, Patrick and Chen, Berlin and Wang, Alex and Poliak, Adam and McCoy, R Thomas and Kim, Najoung and Van Durme, Benjamin and Bowman, Samuel and Das, Dipanjan and others},
  booktitle={ICLR},
  year={2019}
}

@inproceedings{Tenney_2019b,
  title={{BERT} Rediscovers the Classical {NLP} Pipeline},
  author={Ian Tenney and Dipanjan Das and Ellie Pavlick},
  booktitle={ACL},
  year={2019}
}

@article{Mirzadeh_2019,
  author    = {Seyed{-}Iman Mirzadeh and
               Mehrdad Farajtabar and
               Ang Li and
               Hassan Ghasemzadeh},
  title     = {Improved Knowledge Distillation via Teacher Assistant: Bridging the
               Gap Between Student and Teacher},
  year      = {2019},
  journal   = {arXiv},
  volume    = {abs/1902.03393},
}

@inproceedings{Tsai_2019,
  title={Small and Practical {BERT} Models for Sequence Labeling},
  author={Henry Tsai and Jason Riesa and Melvin Johnson and Naveen Arivazhagan and Xin Li and Amelia Archer},
  booktitle={EMNLP/IJCNLP},
  year={2019}
}

@article{Mukherjee_2019,
    title={Distilling Transformers into Simple Neural Networks with Unlabeled Transfer Data},
    abstract={Distilling into BiLSTM like Ralph, but with various loss functions and staged distillation. 
              26x smaller students match BERT large performance, but just on sentiment/topic classification.
              Working with in-domain unlabeled data (might not always be present, then need to generate 
              like Ralph did).},
    author={Subhabrata Mukherjee and Ahmed Hassan Awadallah},
    year={2019},
    volume={abs/1910.01769},
    journal={arXiv},
}

@inproceedings{Sanh_2019,
  title={{DistilBERT}, a distilled version of {BERT}: smaller, faster, cheaper and lighter},
  author={Sanh, Victor and Debut, Lysandre and Chaumond, Julien and Wolf, Thomas},
  booktitle={NeurIPS EMC\^2 Workshop},
  year={2019}
}

@article{Jiao_2019,
    title={{TinyBERT}: Distilling {BERT} for Natural Language Understanding},
    author={Xiaoqi Jiao and Yichun Yin and Lifeng Shang and Xin Jiang and Xiao Chen and Linlin Li and Fang Wang and Qun Liu},
    abstract={Smaller BERT (9x smaller BERT Base), trained to match teacher's embedding, hidden and attention 
              representations in 2 stages (general and task-specific training). Interesting data augmentation 
              using BERT and word embeddings (see appendix).},
    year={2019},
    volume={abs/1909.10351},
    journal={arXiv},
}

@inproceedings{Michel_2019,
    title={Are Sixteen Heads Really Better than One?},
    author={Paul Michel and Omer Levy and Graham Neubig},
    booktitle={NeurIPS},
    pages= {14014--14024},
    year={2019},
}

@misc{Sucik_2019,
  author={Sucik, Sam},
  year={2019},
  month={9},
  title={Pruning {BERT} to accelerate inference},
  organization={Rasa},
  date={September 5, 2019},
  howpublished = "\url{https://blog.rasa.com/pruning-bert-to-accelerate-inference/}",
  urldate={2020-01-22},
  note={Accessed April 15, 2020.}
}

@misc{Cheong_2019,
  author={Cheong, R. and Daniel, R.},
  year={2019},
  title={{transformers.zip}: Compressing Transformers with Pruning and Quantization},
  howpublished = "\url{http://web.stanford.edu/class/cs224n/reports/custom/15763707.pdf}",
  note={Accessed April 15, 2020.}
}

@article{Radford_2019,
  title={Language models are unsupervised multitask learners},
  author={Radford, Alec and Wu, Jeffrey and Child, Rewon and Luan, David and Amodei, Dario and Sutskever, Ilya},
  journal={OpenAI Blog},
  year={2019}
}

@article{Tang_2019a,
  title={Distilling Task-Specific Knowledge from {BERT} into Simple Neural Networks},
  author={Raphael Tang and Yao Lu and Linqing Liu and Lili Mou and Olga Vechtomova and Jimmy Lin},
  journal={{arXiv}},
  volume={abs/1903.12136},
  year={2019},
}

@inproceedings{Tang_2019b,
    title = "Natural Language Generation for Effective Knowledge Distillation",
    author = "Tang, Raphael  and
      Lu, Yao  and
      Lin, Jimmy",
    booktitle = "EMNLP/IJCNLP Workshop on Deep Learning Approaches for Low-Resource NLP",
    year = "2019",
    pages = "202--208",
}

@inproceedings{Dai_2019,
  title={{Transformer-XL}: Attentive Language Models Beyond a Fixed-Length Context},
  author={Zihang Dai and Zhilin Yang and Yiming Yang and Jaime G. Carbonell and Quoc V. Le and Ruslan Salakhutdinov},
  booktitle={ACL},
  year={2019}
}

@inproceedings{Lample_2019,
  author    = {Alexis Conneau and
               Guillaume Lample},
  title     = {Cross-lingual Language Model Pretraining},
  booktitle = {NeurIPS},
  pages     = {7057--7067},
  year      = {2019},
}

%%%%%%%%%%%%%%%%%%%%%%%%%%%%%%%%%%%%%%%%%%%%%%%%%%%%%%%%%%%%%%%%%%%%%%%%%%%%%%%%%%%%%%%%%%%%%%%%%%%%
%% 2018
%%%%%%%%%%%%%%%%%%%%%%%%%%%%%%%%%%%%%%%%%%%%%%%%%%%%%%%%%%%%%%%%%%%%%%%%%%%%%%%%%%%%%%%%%%%%%%%%%%%%

@article{Strobelt_2018,
  author    = {Hendrik Strobelt and
               Sebastian Gehrmann and
               Michael Behrisch and
               Adam Perer and
               Hanspeter Pfister and
               Alexander M. Rush},
  title     = {{Seq2seq-Vis}: A Visual Debugging Tool for Sequence-to-Sequence Models},
  journal   = {{IEEE} Trans. Vis. Comput. Graph.},
  volume    = {25},
  number    = {1},
  pages     = {353--363},
  year      = {2019},
}

@inproceedings{Wang_2018,
    title = "{GLUE}: A Multi-Task Benchmark and Analysis Platform for Natural Language Understanding",
    author = "Wang, Alex  and
      Singh, Amanpreet  and
      Michael, Julian  and
      Hill, Felix  and
      Levy, Omer  and
      Bowman, Samuel",
    booktitle = "{EMNLP} Workshop BlackboxNLP: Analyzing and Interpreting Neural Networks for {NLP}",
    year = "2018",
    publisher = "Association for Computational Linguistics",
    pages = "353--355",
}

@misc{Gilpin_2018,
    title={Explaining Explanations: An Overview of Interpretability of Machine Learning},
    author={Leilani H. Gilpin and David Bau and Ben Z. Yuan and Ayesha Bajwa and Michael Specter and Lalana Kagal},
    year={2018},
    eprint={1806.00069},
    archivePrefix={arXiv},
    primaryClass={cs.AI}
}

@inproceedings{Gilpin_2018,
  author    = {Leilani H. Gilpin and
               David Bau and
               Ben Z. Yuan and
               Ayesha Bajwa and
               Michael Specter and
               Lalana Kagal},
  editor    = {Francesco Bonchi and
               Foster J. Provost and
               Tina Eliassi{-}Rad and
               Wei Wang and
               Ciro Cattuto and
               Rayid Ghani},
  title     = {Explaining Explanations: An Overview of Interpretability of Machine
               Learning},
  booktitle = {{IEEE} International Conference on Data Science and Advanced Analytics ({DSAA})},
  pages     = {80--89},
  publisher = {{IEEE}},
  year      = {2018},
}

@article{Belinkov_2018,
  title={Analysis Methods in Neural Language Processing: A Survey},
  author={Yonatan Belinkov and James R. Glass},
  journal={Transactions of the Association for Computational Linguistics},
  year={2018},
  volume={7},
  pages={49-72}
}

@inproceedings{Yu_2018,
    title = "On-Device Neural Language Model Based Word Prediction",
    author = "Yu, Seunghak  and
      Kulkarni, Nilesh  and
      Lee, Haejun  and
      Kim, Jihie",
    booktitle = {International Conference on Computational Linguistics (COLING)},
    year = "2018",
    publisher = "Association for Computational Linguistics",
    pages = "128--131",
}

@inproceedings{Conneau_2018,
  title={What you can cram into a single \$\&!\#* vector: Probing sentence embeddings for linguistic properties},
  author={Alexis Conneau and Germ{\'a}n Kruszewski and Guillaume Lample and Lo{\"i}c Barrault and Marco Baroni},
  booktitle={ACL},
  year={2018}
}


@article{Heo_2018,
  author    = {Byeongho Heo and
               Minsik Lee and
               Sangdoo Yun and
               Jin Young Choi},
  title     = {Knowledge Transfer via Distillation of Activation Boundaries Formed
               by Hidden Neurons},
  journal   = {arXiv},
  volume    = {abs/1811.03233},
  year      = {2018},
}

@article{Zharov_2018,
  author    = {Yaroslav Zharov and
               Denis Korzhenkov and
               Pavel Shvechikov and
               Alexander Tuzhilin},
  title     = {{YASENN:} Explaining Neural Networks via Partitioning Activation Sequences},
  journal   = {{arXiv}},
  volume    = {abs/1811.02783},
  year      = {2018},
}

@inproceedings{Devlin_2018,
  author    = {Jacob Devlin and
               Ming{-}Wei Chang and
               Kenton Lee and
               Kristina Toutanova},
  editor    = {Jill Burstein and
               Christy Doran and
               Thamar Solorio},
  title     = {{BERT:} Pre-training of Deep Bidirectional Transformers for Language
               Understanding},
  booktitle = {{NAACL-HLT}},
  pages     = {4171--4186},
  publisher = {Association for Computational Linguistics},
  year      = {2019},
}

@inproceedings{Pires_2019,
  author    = {Telmo Pires and
               Eva Schlinger and
               Dan Garrette},
  editor    = {Anna Korhonen and
               David R. Traum and
               Llu{\'{\i}}s M{\`{a}}rquez},
  title     = {How Multilingual is Multilingual {BERT}?},
  booktitle = {ACL},
  pages     = {4996--5001},
  publisher = {Association for Computational Linguistics},
  year      = {2019},
}

@article{Radford_2018,
  title={Improving language understanding by generative pre-training},
  author={Radford, Alec and Narasimhan, Karthik and Salimans, Tim and Sutskever, Ilya},
  howpublished="\url{https://cdn.openai.com/research-covers/language-unsupervised/language_understanding_paper.pdf}",
  year={2018}
}

%%%%%%%%%%%%%%%%%%%%%%%%%%%%%%%%%%%%%%%%%%%%%%%%%%%%%%%%%%%%%%%%%%%%%%%%%%%%%%%%%%%%%%%%%%%%%%%%%%%%
%% 2017
%%%%%%%%%%%%%%%%%%%%%%%%%%%%%%%%%%%%%%%%%%%%%%%%%%%%%%%%%%%%%%%%%%%%%%%%%%%%%%%%%%%%%%%%%%%%%%%%%%%%

@article{Lin_2017,
  title={A structured self-attentive sentence embedding},
  author={Lin, Zhouhan and Feng, Minwei and Santos, Cicero Nogueira dos and Yu, Mo and Xiang, Bing and Zhou, Bowen and Bengio, Yoshua},
  journal={arXiv},
  volume={abs/1703.03130},
  year={2017}
}

@inproceedings{Kim_2017,
  title={Interpretability Beyond Feature Attribution: Quantitative Testing with Concept Activation Vectors ({TCAV})},
  author={Been Kim and Martin Wattenberg and Justin Gilmer and Carrie J. Cai and James Wexler and Fernanda B. Vi{\'e}gas and Rory Sayres},
  booktitle={ICML},
  year={2017}
}

@article{Goyal_2017,
    title={Accurate, Large Minibatch {SGD}: Training {ImageNet} in 1 Hour},
    author={Priya Goyal and Piotr Dollár and Ross Girshick and Pieter Noordhuis and Lukasz Wesolowski and Aapo Kyrola and Andrew Tulloch and Yangqing Jia and Kaiming He},
    year={2017},
    volume={abs/1706.02677},
    journal={arXiv},
}

@inproceedings{Adi_2017,
  author    = {Yossi Adi and
               Einat Kermany and
               Yonatan Belinkov and
               Ofer Lavi and
               Yoav Goldberg},
  title     = {Fine-grained Analysis of Sentence Embeddings Using Auxiliary Prediction
               Tasks},
  booktitle = {ICLR},
  year      = {2017},
}

@article{Huang_2017,
  author    = {Zehao Huang and Naiyan Wang},
  title     = {Like What You Like: Knowledge Distill via Neuron Selectivity Transfer},
  journal   = {{arXiv}},
  volume    = {abs/1707.01219},
  year      = {2017},
}

@inproceedings{Vaswani_2017,
  title={Attention is all you need},
  author={Vaswani, Ashish and Shazeer, Noam and Parmar, Niki and Uszkoreit, Jakob and Jones, Llion and Gomez, Aidan N and Kaiser, {\L}ukasz and Polosukhin, Illia},
  booktitle={NIPS},
  pages={5998--6008},
  year={2017}
}

%%%%%%%%%%%%%%%%%%%%%%%%%%%%%%%%%%%%%%%%%%%%%%%%%%%%%%%%%%%%%%%%%%%%%%%%%%%%%%%%%%%%%%%%%%%%%%%%%%%%
%% 2016
%%%%%%%%%%%%%%%%%%%%%%%%%%%%%%%%%%%%%%%%%%%%%%%%%%%%%%%%%%%%%%%%%%%%%%%%%%%%%%%%%%%%%%%%%%%%%%%%%%%%

@inproceedings{Sennrich_2016,
  title={Neural Machine Translation of Rare Words with Subword Units},
  author={Sennrich, Rico and Haddow, Barry and Birch, Alexandra},
  booktitle={ACL},
  publisher = {The Association for Computer Linguistics},
  pages={1715--1725},
  year={2016}
}

@inproceedings{Lample_2016,
  title={Neural Architectures for Named Entity Recognition},
  author={Lample, Guillaume and Ballesteros, Miguel and Subramanian, Sandeep and Kawakami, Kazuya and Dyer, Chris},
  booktitle={NAACL-HLT},
  pages={260--270},
  year={2016}
}

@inproceedings{Shi_2016,
    title = "Does String-Based Neural {MT} Learn Source Syntax?",
    author = "Shi, Xing  and
      Padhi, Inkit  and
      Knight, Kevin",
    booktitle = "EMNLP",
    year = "2016",
    publisher = "Association for Computational Linguistics",
    pages = "1526--1534",
}

@inproceedings{Kim_2016,
  author    = {Yoon Kim and
               Alexander M. Rush},
  title     = {Sequence-Level Knowledge Distillation},
  booktitle = {EMNLP},
  publisher = {The Association for Computational Linguistics},
  pages     = {1317--1327},
  year      = {2016},
}

@article{Sau_2016,
  author    = {Bharat Bhusan Sau and
               Vineeth N. Balasubramanian},
  title     = {Deep Model Compression: Distilling Knowledge from Noisy Teachers},
  journal   = {{arXiv}},
  volume    = {abs/1610.09650},
  year      = {2016},
}

@article{Wu_2016,
    title={Google's Neural Machine Translation System: Bridging the Gap between Human and Machine Translation},
    author={Yonghui Wu and Mike Schuster and Zhifeng Chen and Quoc V. Le and Mohammad Norouzi and Wolfgang Macherey and Maxim Krikun and Yuan Cao and Qin Gao and Klaus Macherey and Jeff Klingner and Apurva Shah and Melvin Johnson and Xiaobing Liu and Łukasz Kaiser and Stephan Gouws and Yoshikiyo Kato and Taku Kudo and Hideto Kazawa and Keith Stevens and George Kurian and Nishant Patil and Wei Wang and Cliff Young and Jason Smith and Jason Riesa and Alex Rudnick and Oriol Vinyals and Greg Corrado and Macduff Hughes and Jeffrey Dean},
    year={2016},
    volume={abs/1609.08144},
    journal={arXiv},
}

%%%%%%%%%%%%%%%%%%%%%%%%%%%%%%%%%%%%%%%%%%%%%%%%%%%%%%%%%%%%%%%%%%%%%%%%%%%%%%%%%%%%%%%%%%%%%%%%%%%%
%% 2015
%%%%%%%%%%%%%%%%%%%%%%%%%%%%%%%%%%%%%%%%%%%%%%%%%%%%%%%%%%%%%%%%%%%%%%%%%%%%%%%%%%%%%%%%%%%%%%%%%%%%

@inproceedings{Kusner_2015,
  title={From word embeddings to document distances},
  author={Kusner, Matt and Sun, Yu and Kolkin, Nicholas and Weinberger, Kilian},
  booktitle={ICML},
  pages={957--966},
  year={2015}
}

@inproceedings{Kiros_2015,
  title={Skip-thought vectors},
  author={Kiros, Ryan and Zhu, Yukun and Salakhutdinov, Russ R and Zemel, Richard and Urtasun, Raquel and Torralba, Antonio and Fidler, Sanja},
  booktitle={NIPS},
  pages={3294--3302},
  year={2015}
}

@article{Papamakarios_2015,
  title={Distilling Model Knowledge ({MSc} thesis)},
  author={George Papamakarios},
  journal={{arXiv}},
  volume={abs/1510.02437v1},
  organization={University of Edinburgh},
  year={2015}
}

@article{Hinton_2015,
  title={Distilling the Knowledge in a Neural Network},
  author={Geoffrey E. Hinton and Oriol Vinyals and Jeffrey Dean},
  journal={arXiv},
  year={2015},
  volume={abs/1503.02531}
}

@inproceedings{Romero_2015,
  author    = {Adriana Romero and
               Nicolas Ballas and
               Samira Ebrahimi Kahou and
               Antoine Chassang and
               Carlo Gatta and
               Yoshua Bengio},
  title     = {{FitNets}: Hints for Thin Deep Nets},
  booktitle   = {ICLR},
  year = {2015}
}

@inproceedings{Luong_2015,
    title = "Effective Approaches to Attention-based Neural Machine Translation",
    author = "Luong, Thang  and
      Pham, Hieu  and
      Manning, Christopher D.",
    booktitle = "EMNLP",
    year = "2015",
    publisher = "Association for Computational Linguistics",
    pages = "1412--1421",
}

@inproceedings{Dai_2015,
  author    = {Andrew M. Dai and
               Quoc V. Le},
  editor    = {Corinna Cortes and
               Neil D. Lawrence and
               Daniel D. Lee and
               Masashi Sugiyama and
               Roman Garnett},
  title     = {Semi-supervised Sequence Learning},
  booktitle = {NIPS},
  pages     = {3079--3087},
  year      = {2015},
}

%%%%%%%%%%%%%%%%%%%%%%%%%%%%%%%%%%%%%%%%%%%%%%%%%%%%%%%%%%%%%%%%%%%%%%%%%%%%%%%%%%%%%%%%%%%%%%%%%%%%
%% 2014
%%%%%%%%%%%%%%%%%%%%%%%%%%%%%%%%%%%%%%%%%%%%%%%%%%%%%%%%%%%%%%%%%%%%%%%%%%%%%%%%%%%%%%%%%%%%%%%%%%%%

@inproceedings{Kingma_2014,
  title={Adam: A method for stochastic optimization},
  author={Kingma, Diederik P and Ba, Jimmy},
  booktitle={ICLR},
  year={2015}
}

@inproceedings{Dos_2014,
  title={Deep convolutional neural networks for sentiment analysis of short texts},
  author={Dos Santos, Cicero and Gatti, Maira},
  booktitle={International Conference on Computational Linguistics (COLING)},
  pages={69--78},
  year={2014}
}

@inproceedings{Sutskever_2014,
  title={Sequence to sequence learning with neural networks},
  author={Sutskever, Ilya and Vinyals, Oriol and Le, Quoc V},
  booktitle={NIPS},
  pages={3104--3112},
  year={2014}
}

@inproceedings{Bahdanau_2014,
  author    = {Dzmitry Bahdanau and
               Kyunghyun Cho and
               Yoshua Bengio},
  title     = {Neural Machine Translation by Jointly Learning to Align and Translate},
  booktitle = {ICLR},
  year      = {2015},
}

@inproceedings{Kim_2014,
    title = "Convolutional Neural Networks for Sentence Classification",
    author = "Kim, Yoon",
    booktitle = "EMNLP",
    year = "2014",
    publisher = "Association for Computational Linguistics",
    pages = "1746--1751",
}

%%%%%%%%%%%%%%%%%%%%%%%%%%%%%%%%%%%%%%%%%%%%%%%%%%%%%%%%%%%%%%%%%%%%%%%%%%%%%%%%%%%%%%%%%%%%%%%%%%%%
%% 2013
%%%%%%%%%%%%%%%%%%%%%%%%%%%%%%%%%%%%%%%%%%%%%%%%%%%%%%%%%%%%%%%%%%%%%%%%%%%%%%%%%%%%%%%%%%%%%%%%%%%%

@inproceedings{Simonyan_2013,
  author    = {Karen Simonyan and
               Andrea Vedaldi and
               Andrew Zisserman},
  title     = {Deep Inside Convolutional Networks: Visualising Image Classification
               Models and Saliency Maps},
  booktitle = {ICLR},
  year      = {2014},
}

@inproceedings{Zeiler_2013,
  author    = {Matthew D. Zeiler and
               Rob Fergus},
  title     = {Visualizing and Understanding Convolutional Networks},
  booktitle = {ECCV},
  volume    = {8689},
  pages     = {818--833},
  publisher = {Springer},
  year      = {2014},
}

@inproceedings{Mikolov_2013,
  author    = {Tomas Mikolov and
               Kai Chen and
               Greg Corrado and
               Jeffrey Dean},
  title     = {Efficient Estimation of Word Representations in Vector Space},
  booktitle = {ICLR},
  year      = {2013},
}

@inproceedings{Ba_2013,
  title={Do Deep Nets Really Need to be Deep?},
  author={Jimmy Ba and Rich Caruana},
  booktitle={NIPS},
  pages     = {2654--2662},
  year={2014}
}

@inproceedings{Kalchbrenner_2013,
  title={Recurrent continuous translation models},
  author={Kalchbrenner, Nal and Blunsom, Phil},
  booktitle={EMNLP},
  pages={1700--1709},
  year={2013}
}

@article{Graves_2013,
  title={Generating Sequences With Recurrent Neural Networks},
  author={Alex Graves},
  year={2013},
  volume={abs/1308.0850},
  journal={arXiv},
}

%%%%%%%%%%%%%%%%%%%%%%%%%%%%%%%%%%%%%%%%%%%%%%%%%%%%%%%%%%%%%%%%%%%%%%%%%%%%%%%%%%%%%%%%%%%%%%%%%%%%
%% OLDER THAN 2013
%%%%%%%%%%%%%%%%%%%%%%%%%%%%%%%%%%%%%%%%%%%%%%%%%%%%%%%%%%%%%%%%%%%%%%%%%%%%%%%%%%%%%%%%%%%%%%%%%%%%

@article{Zeiler_2012,
    title={{ADADELTA}: An Adaptive Learning Rate Method},
    author={Matthew D. Zeiler},
    year={2012},
    volume={1212.5701},
    journal={arXiv},
}

@inproceedings{Krizhevsky_2012,
  title={{ImageNet} Classification with Deep Convolutional Neural Networks},
  author={Alex Krizhevsky and Ilya Sutskever and Geoffrey E. Hinton},
  booktitle={NIPS},
  year={2012}
}

@article{Collobert_Weston_2011,
  author    = {Ronan Collobert and
               Jason Weston and
               L{\'{e}}on Bottou and
               Michael Karlen and
               Koray Kavukcuoglu and
               Pavel P. Kuksa},
  title     = {Natural Language Processing (Almost) from Scratch},
  journal   = {J. Mach. Learn. Res.},
  volume    = {12},
  pages     = {2493--2537},
  year      = {2011},
}

@inproceedings{Mikolov_2010,
  author    = {Tomas Mikolov and
               Martin Karafi{\'{a}}t and
               Luk{\'{a}}s Burget and
               Jan \v{C}ernock{\'{y}} and
               Sanjeev Khudanpur},
  title     = {Recurrent neural network based language model},
  booktitle = {{INTERSPEECH}},
  pages     = {1045--1048},
  publisher = {{ISCA}},
  year      = {2010},
}

@inproceedings{Nair_2010,
  author    = {Vinod Nair and
               Geoffrey E. Hinton},
  editor    = {Johannes F{\"{u}}rnkranz and
               Thorsten Joachims},
  title     = {Rectified Linear Units Improve Restricted Boltzmann Machines},
  booktitle = {ICML},
  pages     = {807--814},
  publisher = {Omnipress},
  year      = {2010},
}

@inproceedings{Collobert_Weston_2008,
  author = {Collobert, Ronan and Weston, Jason},
  title = {A Unified Architecture for Natural Language Processing: Deep Neural Networks with Multitask Learning},
  year = {2008},
  publisher = {Association for Computing Machinery},
  address = {New York, NY, USA},
  booktitle = {ICML},
  pages = {160--167},
  numpages = {8},
}

@inproceedings{Bucila_2006,
  author    = {Cristian Bucila and
               Rich Caruana and
               Alexandru Niculescu{-}Mizil},
  title     = {Model compression},
  booktitle = {{ACM} {SIGKDD} International Conference on Knowledge Discovery and Data Mining (KDD)},
  pages     = {535--541},
  publisher = {{ACM}},
  year      = {2006},
}

@article{Hochreiter_Schmidhuber_1997,
  author = {Hochreiter, Sepp and Schmidhuber, J\"{u}rgen},
  title = {Long Short-Term Memory},
  year = {1997},
  issue_date = {November 1997},
  publisher = {MIT Press},
  address = {Cambridge, MA, USA},
  volume = {9},
  number = {8},
  issn = {0899-7667},
  url = {https://doi.org/10.1162/neco.1997.9.8.1735},
  doi = {10.1162/neco.1997.9.8.1735},
  journal = {Neural Comput.},
  pages = {1735--1780},
  numpages = {46}
}

@inproceedings{Hinton_1994,
  title={Autoencoders, minimum description length and {Helmholtz} free energy},
  author={Hinton, Geoffrey E and Zemel, Richard S},
  booktitle={NIPS},
  pages={3--10},
  year={1994}
}

@inbook{Rumelhart_1986,
  author = {Rumelhart, D. E. and Hinton, G. E. and Williams, R. J.},
  title = {Learning Internal Representations by Error Propagation},
  year = {1986},
  isbn = {026268053X},
  publisher = {MIT Press},
  address = {Cambridge, MA, USA},
  booktitle = {Parallel Distributed Processing: Explorations in the Microstructure of Cognition},
  pages = {318--362},
  numpages = {45}
}

@article{Matthews_1975,
  title={Comparison of the predicted and observed secondary structure of {T4} phage lysozyme},
  author={Matthews, Brian W},
  journal={Biochimica et Biophysica Acta (BBA)-Protein Structure},
  volume={405},
  number={2},
  pages={442--451},
  year={1975},
  publisher={Elsevier}
}

%%%%%%%%%%%%%%%%%%%%%%%%%%%%%%%%%%%%%%%%%%%%%%%%%%%%%%%%%%%%%%%%%%%%%%%%%%%%%%%%%%%%%%%%%%%%%%%%%%%%
%% DATASETS AND TOOLS
%%%%%%%%%%%%%%%%%%%%%%%%%%%%%%%%%%%%%%%%%%%%%%%%%%%%%%%%%%%%%%%%%%%%%%%%%%%%%%%%%%%%%%%%%%%%%%%%%%%%

@inproceedings{TREC-paper,
 author = {Voorhees, Ellen M. and Tice, Dawn M.},
 title = {Building a Question Answering Test Collection},
 booktitle = {Proceedings of the 23rd Annual International ACM SIGIR Conference on Research and Development in Information Retrieval},
 series = {SIGIR '00},
 year = {2000},
 isbn = {1-58113-226-3},
 location = {Athens, Greece},
 pages = {200--207},
 numpages = {8},
 url = {http://doi.acm.org/10.1145/345508.345577},
 doi = {10.1145/345508.345577},
 acmid = {345577},
 publisher = {ACM},
 address = {New York, NY, USA},
} 

@inproceedings{SentEval-paper,
  author    = {Alexis Conneau and
               Douwe Kiela},
  editor    = {Nicoletta Calzolari and
               Khalid Choukri and
               Christopher Cieri and
               Thierry Declerck and
               Sara Goggi and
               K{\^{o}}iti Hasida and
               Hitoshi Isahara and
               Bente Maegaard and
               Joseph Mariani and
               H{\'{e}}l{\`{e}}ne Mazo and
               Asunci{\'{o}}n Moreno and
               Jan Odijk and
               Stelios Piperidis and
               Takenobu Tokunaga},
  title     = {{SentEval}: An Evaluation Toolkit for Universal Sentence Representations},
  booktitle = {LREC},
  publisher = {European Language Resources Association {(ELRA)}},
  year      = {2018},
}

@inproceedings{SciCite-paper,
  title={Structural Scaffolds for Citation Intent Classification in Scientific Publications},
  author={Arman Cohan and Waleed Ammar and Madeleine van Zuylen and Field Cady},
  booktitle={NAACL-HLT},
  year={2019}
}

@inproceedings{TOP-paper,
  title={Semantic Parsing for Task Oriented Dialog using Hierarchical Representations},
  author={Sonal Gupta and Rushin Shah and Mrinal Mohit and Anuj Kumar and Mike Lewis},
  booktitle={EMNLP},
  year={2018}
}

@article{MDC-paper,
  title={Microsoft Dialogue Challenge: Building End-to-End Task-Completion Dialogue Systems},
  author={Xiujun Li and Sarah Panda and Jingjing Liu and Jianfeng Gao},
  journal={{arXiv}},
  volume={abs/1807.11125},
  url={http://arxiv.org/abs/1807.11125},
  year={2018},
}

@inproceedings{MTOD-paper,
  title={Cross-lingual Transfer Learning for Multilingual Task Oriented Dialog},
  author={Sebastian Schuster and Sonal Gupta and Rushin Shah and Mike Lewis},
  booktitle={NAACL-HLT},
  year={2018}
}

@inproceedings{SST-paper,
  title={Recursive Deep Models for Semantic Compositionality Over a Sentiment Treebank},
  author={Richard Socher and Alex Perelygin and Jean Wu and Jason Chuang and Christopher D. Manning and Andrew Y. Ng and Christopher Potts},
  booktitle={EMNLP},
  pages     = {1631--1642},
  publisher = {{Association for Computational Linguistics}},
  year={2013}
}

@article{CoLA-paper,
  author    = {Alex Warstadt and
               Amanpreet Singh and
               Samuel R. Bowman},
  title     = {Neural Network Acceptability Judgments},
  journal   = {Trans. Assoc. Comput. Linguistics},
  volume    = {7},
  pages     = {625--641},
  year      = {2019},
}

@article{CoLA-grammatical,
    title={Grammatical Analysis of Pretrained Sentence Encoders with Acceptability Judgments},
    author={Warstadt, Alex and Bowman, Samuel R},
    journal={arXiv},
    volume={abs/1901.03438},
    year={2019}
}